<?xml version="1.0" encoding="UTF-8"?>
<collection xmlns:xsi="http://www.w3.org/2001/XMLSchema-instance" xsi:schemaLocation="http://www.loc.gov/MARC21/slim http://www.loc.gov/standards/marcxml/schema/MARC21slim.xsd" xmlns="http://www.loc.gov/MARC21/slim">
<record>
  <leader>00677nam a22001811  4500</leader>
  <controlfield tag="001">3058870</controlfield>
  <controlfield tag="003">NNC</controlfield>
  <controlfield tag="005">20030429142358.0</controlfield>
  <controlfield tag="008">010804m19451948ua            000 0 ara d</controlfield>
  <datafield tag="035" ind1=" " ind2=" ">
    <subfield code="a">(OCoLC)ocm47716722</subfield>
  </datafield>
  <datafield tag="035" ind1=" " ind2=" ">
    <subfield code="9">ATM7477CU</subfield>
  </datafield>
  <datafield tag="040" ind1=" " ind2=" ">
    <subfield code="a">ZCU</subfield>
    <subfield code="c">ZCU</subfield>
  </datafield>
  <datafield tag="099" ind1=" " ind2=" ">
    <subfield code="a">893.795</subfield>
    <subfield code="a">Y141</subfield>
  </datafield>
  <datafield tag="100" ind1="1" ind2=" ">
    <subfield code="a">Zamakhsharī, Maḥmūd ibn ʻUmar,</subfield>
    <subfield code="d">1075-1144.</subfield>
  </datafield>
  <datafield tag="245" ind1="1" ind2="3">
    <subfield code="a">al-Fa ik fi gharib al-hadith,</subfield>
    <subfield code="c">li Jar-Allah Mahmud ibn Umar al-Zamakhshari, dabatahu wasahhahahu wa allaqa hawashiyahu Ali Muhammad al-Bajawi [wa] Muhammad Abu-al-Fadl Ibrahim.</subfield>
  </datafield>
  <datafield tag="260" ind1=" " ind2=" ">
    <subfield code="a">al-Kahirah,</subfield>
    <subfield code="b">Dar Ihya al-Kutub al-Arabiyah (Isa al-Babi al-Halabi)</subfield>
    <subfield code="c">1364-67 h. [1945-48 m.]</subfield>
  </datafield>
  <datafield tag="300" ind1=" " ind2=" ">
    <subfield code="a">3 v.</subfield>
  </datafield>
  <datafield tag="955" ind1=" " ind2=" ">
    <subfield code="b">0026816482</subfield>
    <subfield code="d">glx</subfield>
    <subfield code="e">893.795 Y141</subfield>
    <subfield code="v">v.3</subfield>
  </datafield>
</record>
</collection>